@inproceedings{krizhevsky2012imagenet,
  title={Imagenet classification with deep convolutional neural networks},
  author={Krizhevsky, Alex and Sutskever, Ilya and Hinton, Geoffrey E},
  booktitle={Advances in neural information processing systems},
  pages={1097--1105},
  year={2012}
}

@article{langlois2014automated,
  title={Automated particle picking for low-contrast macromolecules in cryo-electron microscopy},
  author={Langlois, Robert and Pallesen, Jesper and Ash, Jordan T and Ho, Danny Nam and Rubinstein, John L and Frank, Joachim},
  journal={Journal of structural biology},
  volume={186},
  number={1},
  pages={1--7},
  year={2014},
  publisher={Elsevier}
}

@article{liao2013structure,
  title={Structure of the TRPV1 ion channel determined by electron cryo-microscopy},
  author={Liao, Maofu and Cao, Erhu and Julius, David and Cheng, Yifan},
  journal={Nature},
  volume={504},
  number={7478},
  pages={107--112},
  year={2013},
  publisher={Nature Publishing Group}
}

@inproceedings{sutskever2013importance,
  title={On the importance of initialization and momentum in deep learning},
  author={Sutskever, Ilya and Martens, James and Dahl, George and Hinton, Geoffrey},
  booktitle={Proceedings of the 30th international conference on machine learning (ICML-13)},
  pages={1139--1147},
  year={2013}
}

@inproceedings{zhu2004contaminant,
  title={Contaminant detection: improving template matching based particle selection for cryoelectron microscopy},
  author={Zhu, Yuanxin and Carragher, Bridget and Potter, Clinton S},
  booktitle={Biomedical Imaging: Nano to Macro, 2004. IEEE International Symposium on},
  pages={1071--1074},
  year={2004},
  organization={IEEE}
}
